@article{median_cut,
  author = {Heckbert, Paul},
  title = {Color image quantization for frame buffer display},
  journal = {SIGGRAPH Computer Graphics},
  year = {1982},
  volume = {16},
  number = {3},
  pages = {297--307}
}

@article{neuquant,
  author = {M. M. Robbins},
  title = {The {NeuQuant} Neural-Net Quantization Algorithm},
  journal = {Dr. Dobb's Journal},
  year = {1995}
}

@article{kmeans_quant,
  author = {Linde, Y. and Buzo, A. and Gray, R. M.},
  title = {An Algorithm for Vector Quantizer Design},
  journal = {IEEE Transactions on Communications},
  year = {1980},
  volume = {28},
  number = {1},
  pages = {84--95}
}

@misc{png_spec,
  author = {{ISO/IEC}},
  title = {{Portable Network Graphics (PNG): Functional specification}},
  year = {2004},
  howpublished = {ISO/IEC 15948:2004}
}

@inproceedings{clic,
  author = {Agustsson, Eirikur and Minnen, David and Mentzer, Fabian},
  title = {The {CLIC} Challenge: Towards Extremely Low-Bitrate Image Compression},
  booktitle = {Proceedings of the CVPR Workshop on Computer Vision and Compression},
  year = {2019}
}

@article{balle2017end,
  author = {Ball√©, Johannes and Laparra, Valero and Simoncelli, Eero P.},
  title = {End-to-end Optimized Image Compression},
  journal = {International Conference on Learning Representations (ICLR)},
  year = {2017}
}

@inproceedings{mentzer2018conditional,
  author = {Mentzer, Fabian and Agustsson, Eirikur and Tschannen, Michael and Timofte, Radu and Van Gool, Luc},
  title = {Conditional Probability Models for Deep Image Compression},
  booktitle = {IEEE Conference on Computer Vision and Pattern Recognition (CVPR)},
  year = {2018}
}

@misc{pngquant,
  author = {Kornelski, Kornel},
  title = {{pngquant}: {PNG} Image Optimizer},
  howpublished = {\url{https://pngquant.org/}},
  year = {2016}
}

@article{ssim2004,
  author = {Wang, Zhou and Bovik, Alan C. and Sheikh, Hamid R. and Simoncelli, Eero P.},
  title = {Image Quality Assessment: From Error Visibility to Structural Similarity},
  journal = {IEEE Transactions on Image Processing},
  year = {2004},
  volume = {13},
  number = {4},
  pages = {600--612}
}

@inproceedings{egiazarian2006psnrhvs,
  author = {Ponomarenko, Nikolay and Ieremeiev, Oleksiy and Lukin, Vladimir and Egiazarian, Karen},
  title = {Modified Image Visual Quality Metrics for Contrast Change Type Distortions},
  booktitle = {International Workshop on Video Processing and Quality Metrics},
  year = {2006}
}

@article{div2k,
  author = {Timofte, Radu and Agustsson, Eirikur and Van Gool, Luc},
  title = {DIV2K: Diverse 2K Resolution Image Dataset for Super-Resolution},
  journal = {arXiv preprint arXiv:1707.08354},
  year = {2017}
} 